<?xml version="1.0" encoding="UTF-8"?><collection xmlns="http://www.loc.gov/MARC21/slim"><record><leader>00500nam--2200169-i-4500</leader><controlfield tag="001">000019407</controlfield><controlfield tag="002">20161230</controlfield><controlfield tag="005">20161230201033</controlfield><controlfield tag="008">060222s1000------------r-----000-0-eng-d</controlfield><datafield ind1=" " ind2=" " tag="080"><subfield code="a">519.2</subfield></datafield><datafield ind1="1" ind2=" " tag="100"><subfield code="a">Dubes, Richard C</subfield></datafield><datafield ind1=" " ind2=" " tag="245"><subfield code="a">The theory of applied probability</subfield></datafield><datafield ind1=" " ind2=" " tag="260"><subfield code="a">Englewood Cliffs, N.J., Prentice-hall, Inc., 1968</subfield></datafield><datafield ind1=" " ind2=" " tag="300"><subfield code="a">XV + 506 P</subfield></datafield><datafield ind1=" " ind2=" " tag="490"><subfield code="a">Prentice-hall Electrical Engineering Series Information Theory Series</subfield></datafield><datafield ind1=" " ind2=" " tag="852"><subfield code="a">37588</subfield><subfield code="c">519.2</subfield></datafield><datafield ind1=" " ind2=" " tag="CAT"><subfield code="a">Sys</subfield><subfield code="c">20100527</subfield><subfield code="h">101720</subfield></datafield></record></collection>